<?xml version="1.0" encoding="UTF-8"?><record xmlns="http://www.loc.gov/MARC21/slim" xmlns:cinclude="http://apache.org/cocoon/include/1.0" xmlns:zs="http://www.loc.gov/zing/srw/">
  <leader>00528cz  a2200157n  4500</leader>
  <controlfield tag="001">no 00094945 </controlfield>
  <controlfield tag="003">DLC</controlfield>
  <controlfield tag="005">20020404053131.0</controlfield>
  <controlfield tag="008">001120n| acannaabn          |a aaa      </controlfield>
  <datafield tag="010" ind1=" " ind2=" ">
    <subfield code="a">no 00094945 </subfield>
  </datafield>
  <datafield tag="035" ind1=" " ind2=" ">
    <subfield code="a">(OCoLC)oca05360553</subfield>
  </datafield>
  <datafield tag="040" ind1=" " ind2=" ">
    <subfield code="a">DLC-ON</subfield>
    <subfield code="b">eng</subfield>
    <subfield code="c">DLC-ON</subfield>
    <subfield code="d">OCoLC</subfield>
  </datafield>
  <datafield tag="053" ind1=" " ind2="0">
    <subfield code="a">PL4780.9.S</subfield>
  </datafield>
  <datafield tag="100" ind1="1" ind2=" ">
    <subfield code="a">Śrīrāmamūrti, Cimmapūḍi</subfield>
  </datafield>
  <datafield tag="400" ind1="0" ind2=" ">
    <subfield code="a">Cimmapūḍi Śrīrāmamūrti</subfield>
  </datafield>
  <datafield tag="670" ind1=" " ind2=" ">
    <subfield code="a">Pāṭa pallaviñcina vēḷa, 1999:</subfield>
    <subfield code="b">t.p. (Cimmapūḍi Śrīrāmamūrti) p. 4 of cover (lecturer in Haidarābād)</subfield>
  </datafield>
</record>